<?xml version="1.0" encoding="UTF-8"?><collection xmlns="http://www.loc.gov/MARC21/slim"><record><leader>00465nam--2200169-i-4500</leader><controlfield tag="001">000028802</controlfield><controlfield tag="002">20161230</controlfield><controlfield tag="005">20161230201037</controlfield><controlfield tag="008">060222s1000------------r-----000-0-fre-d</controlfield><datafield ind1=" " ind2=" " tag="040"><subfield code="a">IFIN-HH</subfield></datafield><datafield ind1=" " ind2=" " tag="041"><subfield code="a">fre</subfield></datafield><datafield ind1="1" ind2=" " tag="100"><subfield code="a">Lebeau, P</subfield></datafield><datafield ind1="1" ind2="0" tag="245"><subfield code="a">Les hautes temperatures et leurs utilisations</subfield><subfield code="b">Tome I</subfield><subfield code="c">P. Lebeau (Publie sous la direction de)</subfield></datafield><datafield ind1=" " ind2=" " tag="260"><subfield code="a">Paris, Masson Et Cie.,1950</subfield></datafield><datafield ind1=" " ind2=" " tag="300"><subfield code="a">687P.+ XXX</subfield></datafield><datafield ind1=" " ind2=" " tag="852"><subfield code="a">650</subfield><subfield code="c">533.9</subfield></datafield><datafield ind1=" " ind2=" " tag="CAT"><subfield code="a">Sys</subfield><subfield code="c">20100916</subfield><subfield code="h">123454</subfield></datafield></record></collection>